

@article{silver18,
  title = {A General Reinforcement Learning Algorithm That Masters {Chess, Shogi, and Go} through Self-Play},
  author = {Silver, David and Hubert, Thomas and Schrittwieser, Julian and Antonoglou, Ioannis and Lai, Matthew and Guez, Arthur and Lanctot, Marc and Sifre, Laurent and Kumaran, Dharshan and Graepel, Thore and Lillicrap, Timothy and Simonyan, Karen and Hassabis, Demis},
  year = {2018},
  volume = {362},
  pages = {1140--1144},
  journal = {Science},
  number = {6419},
}



@article{talbi-21,
  title = {Machine Learning into Metaheuristics: A Survey and Taxonomy},
  shorttitle = {Machine Learning into Metaheuristics},
  author = {Talbi, El-Ghazali},
  year = {2021},
  journal = {ACM Computing Surveys},
  volume = {54},
  number = {6},
  pages = {129:1--129:32},
}


@article{kool-19a,
  title = {Attention, Learn to Solve Routing Problems!},
  author = {Kool, Wouter and {van Hoof}, Herke and Welling, Max},
  year = {2019},
  journal = {arXiv:1803.08475 [cs, stat]},
}


@inproceedings{dai-17,
	title = {Learning Combinatorial Optimization Algorithms over Graphs},
	booktitle = {Advances in {{Neural Information Processing Systems}} 31},
	author = {Dai, Hanjun and Khalil, Elias B. and Zhang, Yuyu and Dilkina, Bistra and Song, Le},
	year = {2017},
	pages = {6348--6358},
}


@article{huang-19,
	title = {Coloring Big Graphs with {{AlphaGoZero}}},
	author = {Huang, Jiayi and Patwary, Mostofa and Diamos, Gregory},
	year = {2019},
	archivePrefix = {arXiv},
	eprint = {1902.10162},
	eprinttype = {arxiv},
	journal = {arXiv:1902.10162 [cs]},
	primaryClass = {cs}
}


@incollection{li-18,
	title = {Combinatorial Optimization with Graph Convolutional Networks and Guided Tree Search},
	booktitle = {Advances in Neural Information Processing Systems 31},
	author = {Li, Zhuwen and Chen, Qifeng and Koltun, Vladlen},
	year = {2018},
	pages = {539--548},
}


@article{mittal-19,
	title = {Learning Heuristics over Large Graphs via Deep Reinforcement Learning},
	author = {Mittal, Akash and Dhawan, Anuj and Manchanda, Sahil and Medya, Sourav and Ranu, Sayan and Singh, Ambuj},
	year = {2019},

	archivePrefix = {arXiv},
	eprint = {1903.03332},
	eprinttype = {arxiv},
	journal = {arXiv:1903.03332 [cs, stat]},

}


@book{sutton-18,
	title = {Reinforcement Learning: An Introduction},
	shorttitle = {{Reinforcement Learning}},
	author = {Sutton, Richard S. and Barto, Andrew G.},
	year = {2018},
	month = nov,
	edition = {2.},
	publisher = {{The MIT Press}},
	address = {{Cambridge, Massachusetts}}
}

@article{silver-18,
	title = {A General Reinforcement Learning Algorithm That Masters Chess, Shogi, and {{Go}} through Self-Play},
	author = {Silver, David and Hubert, Thomas and Schrittwieser, Julian and Antonoglou, Ioannis and Lai, Matthew and Guez, Arthur and Lanctot, Marc and Sifre, Laurent and Kumaran, Dharshan and Graepel, Thore and Lillicrap, Timothy and Simonyan, Karen and Hassabis, Demis},
	year = {2018},
	volume = {362},
	pages = {1140--1144},
	publisher = {{American Association for the Advancement of Science}},
	journal = {Science},
	number = {6419},
	pmid = {30523106}
}

@InProceedings{djukanovic-19b,
	title     = {A Beam Search for the Longest Common Subsequence Problem Guided by a Novel Approximate Expected Length Calculation},
	author    = {Djukanovic, Marko and Raidl, G{\"u}nther R and Blum, Christian},
	booktitle = {Proc.~of the 5th Int.~Conf.~on Machine
	Learning, Optimization and Data Science},
	editor    = {Nicosia, Giuseppe and others},
	publisher = {Springer},
	series = {LNCS},
	pages     = {154--167},
	volume    = {11943},
	year = 2020,
}

@incollection{pisinger2010large,
	title={Large neighborhood search},
	author={Pisinger, David and Ropke, Stefan},
	booktitle={Handbook of metaheuristics},
	pages={399--419},
	year={2010},
	publisher={Springer}
}

@inproceedings{ross2011reduction,
	title={A reduction of imitation learning and structured prediction to no-regret online learning},
	author={Ross, St{\'e}phane and Gordon, Geoffrey and Bagnell, Drew},
	booktitle={Proceedings of the Fourteenth International Conference on Artificial Intelligence and Statistics},
	pages={627--635},
	year={2011},
	organization={JMLR Workshop and Conference Proceedings}
}

@article{mazyavkina-21b,
  title = {Reinforcement learning for combinatorial optimization: A survey},
  shorttitle = {Reinforcement learning for combinatorial optimization},
  author = {Mazyavkina, Nina and Sviridov, Sergey and Ivanov, Sergei and Burnaev, Evgeny},
  year = {2021},
  journal = {Computers \& Operations Research},
  volume = {134},
  pages = {105400},
  doi = {10.1016/j.cor.2021.105400},
}


@article{watkins1992q,
	title={Q-learning},
	author={Watkins, Christopher JCH and Dayan, Peter},
	journal={Machine learning},
	volume={8},
	number={3-4},
	pages={279--292},
	year={1992},
	publisher={Springer}
}

@article{scarselli2008graph,
	title={The graph neural network model},
	author={Scarselli, Franco and Gori, Marco and Tsoi, Ah Chung and Hagenbuchner, Markus and Monfardini, Gabriele},
	journal={IEEE Transactions on Neural Networks},
	volume={20},
	number={1},
	pages={61--80},
	year={2008},
	publisher={IEEE}
}

@inproceedings{huber-21,
  author = {M. Huber and G{\"u}nther R. Raidl},
  title = {Learning Beam Search: Utilizing Machine Learning to Guide Beam Search for Solving Combinatorial Optimization Problems},
  booktitle = {Machine Learning, Optimization, and Data Science -- 7th International Conference, LOD 2021},
  XXXeditor = {Giuseppe Nicosia and Panos Pardalos and Renato Umeton and Giovanni Giuffrida and Vincenzo Sciacca},
	series = {LNCS},
	publisher = {Springer},
	year = {2021},
  note = {to appear},
  XXXpages="738--750",
  volume = {11943},
}

@article{abe-20,
  title = {Solving NP-Hard Problems on Graphs with Extended AlphaGo Zero},
  author = {Abe, Kenshin and Xu, Zijian and Sato, Issei and Sugiyama, Masashi},
  year = {2020},
  journal = {arXiv:1905.11623 [cs, stat]},
  eprint = {1905.11623},
  eprinttype = {arxiv},
  primaryclass = {cs, stat},
  archiveprefix = {arXiv}
}

@inproceedings{vinyals-2015,
	title = {Pointer {Networks}},
	volume = {28},
	url = {http://papers.nips.cc/paper/5866-pointer-networks.pdf},
	urldate = {2020-05-08},
	booktitle = {Advances in Neural Information Processing Systems},
	publisher = {Curran Associates, Inc.},
	author = {Vinyals, Oriol and Fortunato, Meire and Jaitly, Navdeep},
	year = {2015},
	pages = {2692--2700},
}

@article{schrittwieser-20,
	title = {Mastering {Atari, Go, Chess and Shogi} by Planning with a Learned Model},
	author = {Schrittwieser, Julian and Antonoglou, Ioannis and Hubert, Thomas and Simonyan, Karen and Sifre, Laurent and Schmitt, Simon and Guez, Arthur and Lockhart, Edward and Hassabis, Demis and Graepel, Thore and Lillicrap, Timothy and Silver, David},
	year = {2020},
	journal = {Nature},
	volume = {588},
	pages = {604--609},
}

@inproceedings{negrinho-18,
  title = {Learning Beam Search Policies via Imitation Learning},
  booktitle = {Advances in Neural Information Processing Systems},
  author = {Negrinho, Renato and Gormley, Matthew and Gordon, Geoffrey J},
  editor = {Bengio, S. and others},
  year = {2018},
  volume = {31},
  pages = {10652--10661},
  publisher = {Curran Associates, Inc.}
}


@article{shyu_lcs_2009,
title = {Finding the longest common subsequence for multiple biological sequences by ant colony optimization},
journal = {Computers \& Operations Research},
volume = {36},
number = {1},
pages = {73-91},
year = {2009},
author = {Shyong Jian Shyu and Chun-Yuan Tsai},
}

@InProceedings{blum_lcs_2007,
author="Blum, Christian
and Blesa, Maria J.",
editor="St{\"u}tzle, Thomas and others",
title="Probabilistic Beam Search for the Longest Common Subsequence Problem",
booktitle="Engineering Stochastic Local Search Algorithms. Designing, Implementing and Analyzing Effective Heuristics",
year="2007",
publisher="Springer",
pages="150--161",
}

@incollection{djukanovic-20,
  title = {On Solving a Generalized Constrained Longest Common Subsequence Problem},
  booktitle = {Optimization and Applications},
  author = {Djukanovic, Marko and Berger, Christoph and Raidl, G{\"u}nther R. and Blum, Christian},
  editor = {Olenev, Nicholas and others},
  year = {2020},
  volume = {12422},
  series = {LNCS},
  pages = {55--70},
  publisher = {Springer},
}


@InProceedings{huber-22,
title="A Relative Value Function Based Learning Beam Search for the Longest Common Subsequence Problem",
author="Huber, Marc and Raidl, G{\"u}nther R.",
booktitle = {Proceedings of {EUROCAST} 2022 -- 18th International Conference on Computer Aided Systems Theory},
editor = {Moreno-D\'{i}az and others},
XXvolume= {12013},
XXpages={429-437},
year = {2022},
publisher = {Springer},
series = {LNCS},
}

@inbook{bl-2016,
author = {Blum, Christian and Festa, Paola},
year = {2016},
month = {09},
pages = {55-85},
title = {Longest Common Subsequence Problems},
isbn = {9781848218123},
doi = {10.1002/9781119136798.ch3}
}

@mastersthesis{mayerhofer22,
  author  = {Jonas Mayerhofer},
  school  = {TU Wien, Vienna, Austria},
  title   = {Minimizing Makespan in Flow Shops with a Reinforcement Learning like Approach},
  year    = {2022}
}


@inproceedings{song2020general,
	title = {A General Large Neighborhood Search Framework for Solving Integer Linear Programs},
	author={Song, Jialin and Lanka, Ravi and Yue, Yisong and Dilkina, Bistra},
	booktitle = {Advances in Neural Information Processing Systems},
	pages = {20012--20023},
	year = {2020},
	publisher = {Curran Associates, Inc.},
	url = {https://proceedings.neurips.cc/paper/2020/file/e769e03a9d329b2e864b4bf4ff54ff39-Paper.pdf},
	volume = {33}
}


@inproceedings{addanki2020neural,
	title={Neural Large Neighborhood Search},
	author={Addanki, Ravichandra and Nair, Vinod and Alizadeh, Mohammad},
	booktitle={Learning Meets Combinatorial Algorithms at Conference on Neural Information Processing Systems},
	year={2020},
	url={https://openreview.net/forum?id=xEQhKANoVW}
}

@article{sonnerat2021learning,
	title={Learning a Large Neighborhood Search Algorithm for Mixed Integer Programs},
	author={Sonnerat, Nicolas and Wang, Pengming and Ktena, Ira and Bartunov, Sergey and Nair, Vinod},
	journal={arXiv preprint arXiv:2107.10201},
	year={2021}
}


@inproceedings{sun-23,
 author = {Sun, Zhiqing and Yang, Yiming},
 booktitle = {Advances in Neural Information Processing Systems},
 editor = {A. Oh and T. Naumann and A. Globerson and K. Saenko and M. Hardt and S. Levine},
 pages = {3706--3731},
 publisher = {Curran Associates, Inc.},
 title = {DIFUSCO: Graph-based Diffusion Solvers for Combinatorial Optimization},
 volume = {36},
 year = {2023}
}

@misc{djukanovic-24,
  title = {A Learning Search Algorithm for the Restricted Longest Common Subsequence Problem},
  author = {Djukanovi{\'c}, Marko and Reixach, Jaume and Nikolikj, Ana and Eftimov, Tome and Kartelj, Aleksandar and Blum, Christian},
  year = {2024},
  number = {arXiv:2410.12031},
  eprint = {2410.12031},
  primaryclass = {cs},
  publisher = {arXiv},
  doi = {10.48550/arXiv.2410.12031},
  archiveprefix = {arXiv}
}

@inproceedings{bengio-21a,
  title = {Flow Network based Generative Models for Non-Iterative Diverse Candidate Generation},
  booktitle = {Advances in Neural Information Processing Systems},
  author = {Bengio, Emmanuel and Jain, Moksh and Korablyov, Maksym and Precup, Doina and Bengio, Yoshua},
  year = {2021},
  volume = {34},
  pages = {27381--27394},
  publisher = {Curran Associates, Inc.}
}
