@phdthesis{Bongiovanni:2020,
	address = {Lausanne},
	title = {The electric autonomous dial-a-ride problem},
	school = {EPFL},
	author = {Bongiovanni, Claudia},
	year = {2020},
	doi = {10.5075/epfl-thesis-7431},
}

@article{Bongiovanni:2019,
	title = {The electric autonomous dial-a-ride problem},
	volume = {122},
	issn = {0191-2615},
	doi = {10.1016/j.trb.2019.03.004},
	journal = {Transportation Research Part B: Methodological},
	author = {Bongiovanni, Claudia and Kaspi, Mor and Geroliminis, Nikolas},
	year = {2019},
	pages = {436--456}
}


@article{Bongiovanni:2022, 
	title={A machine learning-driven two-phase metaheuristic for autonomous ridesharing operations}, 
	volume={165}, 
	ISSN={1366-5545}, 
	journal={Transportation Research Part E: Logistics and Transportation Review}, 
	author={Bongiovanni, Claudia and Kaspi, Mor and Cordeau, Jean-François and Geroliminis, Nikolas}, 
	year={2022}, 
	pages={102835}, 
	DOI={10.1016/j.tre.2022.102835}, 
}



@misc{Bongiovanni:2023,
  title = {A ride time-oriented scheduling algorithm for dial-a-ride problems},
  author = {Bongiovanni, Claudia and Geroliminis, Nikolas and Kaspi, Mor},
  year = {2023},
  volume = {3333},
  publisher = {arXiv},
  doi = {10.48550/arXiv.2211.07347},
}

@article{Limmer:2023, 
title={Bilevel large neighborhood search for the electric autonomous dial-a-ride problem}, 
volume={21}, 
ISSN={2590-1982}, 
DOI={10.1016/j.trip.2023.100876}, 
journal={Transportation Research Interdisciplinary Perspectives}, 
author={Limmer, Steffen}, 
year={2023}, 
pages={100876}, 
}

@article{Su:2023, 
	title={A deterministic annealing local search for the electric autonomous dial-a-ride problem}, 
	volume={309}, 
	ISSN={0377-2217}, 
	DOI={10.1016/j.ejor.2023.02.012},
	number={3}, 
	journal={European Journal of Operational Research}, 
	author={Su, Yue and Dupin, Nicolas and Puchinger, Jakob}, 
	year={2023}, 
	pages={1091--1111}, 
}

@incollection{Pisinger:2010,
author="Pisinger, David
and Ropke, Stefan",
editor="Gendreau, Michel
and Potvin, Jean-Yves",
title="Large Neighborhood Search",
bookTitle="Handbook of Metaheuristics",
year="2010",
publisher="Springer US",
address="Boston, MA",
pages="399--419",
isbn="978-1-4419-1665-5",
doi="10.1007/978-1-4419-1665-5_13",
}

@InProceedings{Shaw:1998,
author="Shaw, Paul",
editor="Maher, Michael and Puget, Jean-Francois",
title="Using Constraint Programming and Local Search Methods to Solve Vehicle Routing Problems",
booktitle="Principles and Practice of Constraint Programming",
year="1998",
publisher="Springer",
address="Heidelberg",
pages="417--431",
isbn="978-3-540-49481-2",  
DOI="10.1007/3-540-49481-2_30"
}

@article{Cordeau:2003,
	title = {A tabu search heuristic for the static multi-vehicle dial-a-ride problem},
	volume = {37},
	issn = {0191-2615},
	doi = {10.1016/S0191-2615(02)00045-0},
	number = {6},
	journal = {Transportation Research Part B: Methodological},
	author = {Cordeau, Jean-François and Laporte, Gilbert},
	year = {2003},
	pages = {579--594},
}






@article{Cordeau:2006,
	title = {A {Branch}-and-{Cut} {Algorithm} for the {Dial}-a-{Ride} {Problem}},
	volume = {54},
	issn = {0030-364X},
	doi = {10.1287/opre.1060.0283},
	number = {3},
	journal = {Operations Research},
	author = {Cordeau, Jean-François},
	year = {2006},
	pages = {573--586},
	publisher = {INFORMS}
}


@article{Oxley:1980,
author = {Philip Oxley},
title = {Dial/a/ride: a review},
journal = {Transportation Planning and Technology},
volume = {6},
number = {3},
pages = {141--148},
year = {1980},
publisher = {Routledge},
doi = {10.1080/03081068008717184},
}

@article{Molenbruch:2017,
	title = {Typology and literature review for dial-a-ride problems},
	volume = {259},
	issn = {0254-5330, 1572-9338},
	doi = {10.1007/s10479-017-2525-0},
	number = {1-2},
	journal = {Annals of Operations Research},
	author = {Molenbruch, Yves and Braekers, Kris and Caris, An},
	year = {2017},
	pages = {295--325},
}


@article{Ho:2018,
	title = {A survey of dial-a-ride problems: {Literature} review and recent developments},
	volume = {111},
	issn = {0191-2615},
	doi = {10.1016/j.trb.2018.02.001},
	journal = {Transportation Research Part B: Methodological},
	author = {Ho, Sin C. and Szeto, Wai Y. and Kuo, Yong-Hong and Leung, Janny M. Y. and Petering, Matthew and Tou, Terence W. H.},
	year = {2018},
	pages = {395--421},
}


@article{Narayanan:2020, 
 title={Shared autonomous vehicle services: A comprehensive review}, 
 volume={111}, 
 ISSN={0968-090X}, 
 DOI={10.1016/j.trc.2019.12.008}, 
 journal={Transportation Research Part C: Emerging Technologies}, 
 author={Narayanan, Santhanakrishnan and Chaniotakis, Emmanouil and Antoniou, Constantinos}, 
 year={2020}, 
 pages={255--293} 
}

 
@article{Ropke:2007,
	title = {Models and branch-and-cut algorithms for pickup and delivery problems with time windows},
	volume = {49},
	issn = {1097-0037},
	doi = {10.1002/net.20177},
	number = {4},
	journal = {Networks},
	author = {Ropke, Stefan and Cordeau, Jean-François and Laporte, Gilbert},
	year = {2007},
	pages = {258--272},
}


@article{Rist:2021, 
title={A New Formulation for the Dial-a-Ride Problem}, 
volume={55}, 
ISSN={0041-1655}, 
DOI={10.1287/trsc.2021.1044}, 
number={5}, 
journal={Transportation Science}, 
publisher={INFORMS}, 
author={Rist, Yannik and Forbes, Michael A.}, 
year={2021}, 
pages={1113--1135} 
}


@article{Dumas:1991, 
title={The pickup and delivery problem with time windows}, 
volume={54}, 
ISSN={0377-2217}, 
DOI={10.1016/0377-2217(91)90319-Q}, 
number={1}, 
journal={European Journal of Operational Research}, 
author={Dumas, Yvan and Desrosiers, Jacques and Soumis, François}, 
year={1991}, 
pages={7--22}, 
}


@article{Goeke:2019, 
	title={Granular tabu search for the pickup and delivery problem with time windows and electric vehicles}, 
	volume={278}, 
	ISSN={0377-2217}, 
	DOI={10.1016/j.ejor.2019.05.010}, 
	number={3}, 
	journal={European Journal of Operational Research}, 
	author={Goeke, Dominik}, 
	year={2019}, 
	pages={821--836}, 
}



@inproceedings{Jatschka:2022, 
address={Cham}, 
series={Communications in Computer and Information Science (CCIS)}, 
volume = {1541},
title={A Large Neighborhood Search for a Cooperative Optimization Approach to Distribute Service Points in Mobility Applications}, 
ISBN={978-3-030-94216-8}, 
DOI={10.1007/978-3-030-94216-8_1}, 
booktitle={Metaheuristics and {Nature} {Inspired} {Computing}}, 
publisher={Springer International Publishing}, 
author={Jatschka, Thomas and Rodemann, Tobias and Raidl, Günther R.}, 
editor={Dorronsoro, Bernabé and Yalaoui, Farouk and Talbi, El-Ghazali and Danoy, Grégoire}, 
year={2022}, 
pages={3--17}, 
collection={Communications in Computer and Information Science}, 
}


@article{Molenbruch_benefits:2017, 
title={Benefits of horizontal cooperation in dial-a-ride services}, 
volume={107}, 
DOI={10.1016/j.tre.2017.09.001}, 
journal={Transportation Research Part E: Logistics and Transportation Review}, 
author={Molenbruch, Yves and Braekers, Kris and Caris, An}, 
year={2017}, 
pages={97--119} 
}


@article{Braekers:2016,
	title = {A multi-period dial-a-ride problem with driver consistency},
	volume = {94},
	issn = {0191-2615},
	doi = {10.1016/j.trb.2016.09.010},
	journal = {Transportation Research Part B: Methodological},
	author = {Braekers, Kris and Kovacs, Attila A.},
	year = {2016},
	pages = {355--377},
}

%	urldate = {2023-04-26},

@article{Masmoudi:2016, 
	title={Three effective metaheuristics to solve the multi-depot multi-trip heterogeneous dial-a-ride problem}, 
	volume={96}, 
	ISSN={1366-5545}, 
	DOI={10.1016/j.tre.2016.10.002}, 
	journal={Transportation Research Part E: Logistics and Transportation Review}, 
	author={Masmoudi, Mohamed A. and Hosny, Manar and Braekers, Kris and Dammak, Abdelaziz}, 
	year={2016}, 
	pages={60--80}, 
}


@article{Ropke:2006,
author = {Ropke, Stefan and Pisinger, David},
title = {An Adaptive Large Neighborhood Search Heuristic for the Pickup and Delivery Problem with Time Windows},
journal = {Transportation Science},
volume = {40},
number = {4},
pages = {455--472},
year = {2006},
doi = {10.1287/trsc.1050.0135},
}


@article{Keskin:2016,
	title = {Partial recharge strategies for the electric vehicle routing problem with time windows},
	volume = {65},
	issn = {0968-090X},
	doi = {10.1016/j.trc.2016.01.013},
	journal = {Transportation Research Part C: Emerging Technologies},
	author = {Keskin, Merve and Çatay, Bülent},
	year = {2016},
	pages = {111--127},
}


@article{Kancharla:2020, 
	title={Electric vehicle routing problem with non-linear charging and load-dependent discharging}, 
	volume={160}, 
	ISSN={0957-4174}, 
	DOI={10.1016/j.eswa.2020.113714}, 
	journal={Expert Systems with Applications}, 
	author={Kancharla, Surendra R. and Ramadurai, Gitakrishnan}, 
	year={2020}, 
	pages={113714}, 
}


@article{Desaulniers:2016, 
	title={Exact Algorithms for Electric Vehicle-Routing Problems with Time Windows}, 
	volume={64}, 
	ISSN={0030-364X}, 
	DOI={10.1287/opre.2016.1535}, 
	number={6}, 
	journal={Operations Research}, 
	publisher={INFORMS}, 
	author={Desaulniers, Guy and Errico, Fausto and Irnich, Stefan and Schneider, Michael}, 
	year={2016}, 
	pages={1388--1405} 
}


@article{Parragh:2011,
	series = {Freight {Transportation} and {Logistics} (selected papers from {ODYSSEUS} 2009 - the 4th {International} {Workshop} on {Freight} {Transportation} and {Logistics})},
	title = {Introducing heterogeneous users and vehicles into models and algorithms for the dial-a-ride problem},
	volume = {19},
	issn = {0968-090X},
	doi = {10.1016/j.trc.2010.06.002},
	number = {5},
	journal = {Transportation Research Part C: Emerging Technologies},
	author = {Parragh, Sophie N.},
	year = {2011},
	pages = {912--930},
}


@article{Braekers:2014,
	title = {Exact and meta-heuristic approach for a general heterogeneous dial-a-ride problem with multiple depots},
	volume = {67},
	issn = {0191-2615},
	doi = {10.1016/j.trb.2014.05.007},
	journal = {Transportation Research Part B: Methodological},
	author = {Braekers, Kris and Caris, An and Janssens, Gerrit K.},
	year = {2014},
	pages = {166--186},
}


@article{Ropke:2009,
author = {Ropke, Stefan and Cordeau, Jean-Fran\c{c}ois},
title = {Branch and Cut and Price for the Pickup and Delivery Problem with Time Windows},
journal = {Transportation Science},
volume = {43},
number = {3},
pages = {267--286},
year = {2009},
doi = {10.1287/trsc.1090.0272},
}


@article{Garaix:2011,
title = {Optimization of occupancy rate in dial-a-ride problems via linear fractional column generation},
journal = {Computers \& Operations Research},
volume = {38},
number = {10},
pages = {1435--1442},
year = {2011},
issn = {0305-0548},
doi = {https://doi.org/10.1016/j.cor.2010.12.014},
author = {Thierry Garaix and Christian Artigues and Dominique Feillet and Didier Josselin},
}


@article{Parragh:2013,
title = {Hybrid column generation and large neighborhood search for the dial-a-ride problem},
journal = {Computers \& Operations Research},
volume = {40},
number = {1},
pages = {490--497},
year = {2013},
issn = {0305-0548},
doi = {https://doi.org/10.1016/j.cor.2012.08.004},
author = {Sophie N. Parragh and Verena Schmid},
}


@article{Gschwind:2015,
author = {Gschwind, Timo and Irnich, Stefan},
title = {Effective Handling of Dynamic Time Windows and Its Application to Solving the Dial-a-Ride Problem},
journal = {Transportation Science},
volume = {49},
number = {2},
pages = {335--354},
year = {2015},
doi = {10.1287/trsc.2014.0531},
}


@article{Qu:2015,
author = {Qu, Yuan and Bard, Jonathan F.},
title = {A Branch-and-Price-and-Cut Algorithm for Heterogeneous Pickup and Delivery Problems with Configurable Vehicle Capacity},
journal = {Transportation Science},
volume = {49},
number = {2},
pages = {254--270},
year = {2015},
doi = {10.1287/trsc.2014.0524},
}


@article{Parragh:2012,
author = {Parragh, Sophie N. and Cordeau, Jean-Fran\c{c}ois and Doerner, Karl F. and Hartl, Richard F.},
title = {Models and algorithms for the heterogeneous dial-a-ride problem with driver-related constraints},
year = {2012},
publisher = {Springer-Verlag},
address = {Berlin, Heidelberg},
volume = {34},
number = {3},
issn = {0171-6468},
doi = {10.1007/s00291-010-0229-9},
journal = {OR Spectrum},
pages = {593--633},
numpages = {41},
}

@article{Jorgensen:2007,
author = {Rene M. Jorgensen and Jesper Larsen and Kristin B. Bergvinsdottir},
title = {Solving the Dial-a-Ride problem using genetic algorithms},
journal = {Journal of the Operational Research Society},
volume = {58},
number = {10},
pages = {1321--1331},
year = {2007},
publisher = {Taylor & Francis},
doi = {10.1057/palgrave.jors.2602287},
}

@article{Cubillos:2009, 
title={Application of Genetic Algorithms for the DARPTW Problem}, 
volume={4}, 
ISSN={1841-9844}, 
number={22}, 
journal={International Journal of Computers, Communications \& Control}, 
author={Cubillos, Claudio and Urra, Enrique and Rodrí­guez, Nibaldo}, 
year={2009}, 
pages={127--136}, 
doi = {10.15837/ijccc.2009.2.2420}
}

@article{Parragh:2009, 
title={A heuristic two-phase solution approach for the multi-objective dial-a-ride problem}, 
volume={54}, 
ISSN={1097-0037}, 
DOI={10.1002/net.20335}, 
number={4}, 
journal={Networks}, 
author={Parragh, Sophie N. and Doerner, Karl F. and Hartl, Richard F. and Gandibleux, Xavier}, 
year={2009}, 
pages={227--242}, 
}

@article{Masmoudi:2017,
	title = {A hybrid {Genetic} {Algorithm} for the {Heterogeneous} {Dial}-{A}-{Ride} {Problem}},
	volume = {81},
	issn = {0305-0548},
	doi = {10.1016/j.cor.2016.12.008},
	journal = {Computers \& Operations Research},
	author = {Masmoudi, Mohamed A. and Braekers, Kris and Masmoudi, Malek and Dammak, Abdelaziz},
	year = {2017},
	pages = {1--13},
}


@article{Masmoudi:2018,
	title = {The dial-a-ride problem with electric vehicles and battery swapping stations},
	volume = {118},
	issn = {1366-5545},
	doi = {10.1016/j.tre.2018.08.005},
	journal = {Transportation Research Part E: Logistics and Transportation Review},
	author = {Masmoudi, Mohamed A. and Hosny, Manar and Demir, Emrah and Genikomsakis, Konstantinos N. and Cheikhrouhou, Naoufel},
	year = {2018},
	pages = {392--420},
}


@article{Molenbruch_multi:2017, 
	title={Multi-directional local search for a bi-objective dial-a-ride problem in patient transportation}, 
	volume={77}, 
	ISSN={0305-0548}, 
	DOI={10.1016/j.cor.2016.07.020}, 
	journal={Computers \& Operations Research}, 
	author={Molenbruch, Yves and Braekers, Kris and Caris, An and Vanden Berghe, Greet}, 
	year={2017}, 
	pages={58--71}, 
}


@article{Pimenta:2017, 
	title={Models and algorithms for reliability-oriented Dial-a-Ride with autonomous electric vehicles}, 
	volume={257}, 
	ISSN={0377-2217}, 
	DOI={10.1016/j.ejor.2016.07.037}, 
	number={2}, 
	journal={European Journal of Operational Research}, 
	author={Pimenta, Victor and Quilliot, Alain and Toussaint, H\'{e}l\`{e}ne and Vigo, Daniele}, 
	year={2017}, 
	pages={601--613}, 
}

@article{Gschwind:2019,
	title = {Adaptive {Large} {Neighborhood} {Search} with a {Constant}-{Time} {Feasibility} {Test} for the {Dial}-a-{Ride} {Problem}},
	volume = {53},
	issn = {0041-1655},
	doi = {10.1287/trsc.2018.0837},
	number = {2},
	journal = {Transportation Science},
	author = {Gschwind, Timo and Drexl, Michael},
	year = {2019},
	publisher = {INFORMS},
	pages = {480--491},
}


@article{Ritzinger:2016, 
title={Dynamic programming based metaheuristics for the dial-a-ride problem}, 
volume={236}, 
ISSN={1572-9338}, 
DOI={10.1007/s10479-014-1605-7}, 
number={2}, 
journal={Annals of Operations Research}, 
author={Ritzinger, Ulrike and Puchinger, Jakob and Hartl, Richard F.}, 
year={2016}, 
pages={341--358}, 
}

@article{SMAC3:2022,
  author  = {Marius Lindauer and Katharina Eggensperger and Matthias Feurer and André Biedenkapp and Difan Deng and Carolin Benjamins and Tim Ruhkopf and René Sass and Frank Hutter},
  title   = {{SMAC3}: A Versatile Bayesian Optimization Package for Hyperparameter Optimization},
  journal = {Journal of Machine Learning Research},
  year    = {2022},
  volume  = {23},
  number  = {54},
  pages   = {1--9},
  url     = {http://jmlr.org/papers/v23/21-0888.html}
}

@incollection{Shaheen:2020,
title = {Chapter 3 - Mobility on demand (MOD) and mobility as a service (MaaS): early understanding of shared mobility impacts and public transit partnerships},
editor = {Constantinos Antoniou and Dimitrios Efthymiou and Emmanouil Chaniotakis},
booktitle = {Demand for Emerging Transportation Systems},
publisher = {Elsevier},
pages = {37--59},
year = {2020},
isbn = {978-0-12-815018-4},
doi = {https://doi.org/10.1016/B978-0-12-815018-4.00003-6},
author = {Susan Shaheen and Adam Cohen},
}

@article{Cordeau:2007, 
	title={The dial-a-ride problem: models and algorithms}, 
	volume={153}, 
	ISSN={1572-9338}, 
	DOI={10.1007/s10479-007-0170-8}, 
	number={1}, 
	journal={Annals of Operations Research}, 
	author={Cordeau, Jean-François and Laporte, Gilbert}, 
	year={2007}, 
	month={Sep}, 
	pages={29–-46}, 
	language={en} 
}

@inproceedings{bracher-21,
    author = {Adrian Bracher and Nikolaus Frohner and G{\"u}nther R. Raidl},
    title = {Learning Surrogate Functions for the Short-Horizon Planning in Same-Day Delivery Problems},
    booktitle = {17th International Conference on Integration of Constraint Programming, Artificial Intelligence, and Operations Research (CPAIOR'21)},
    publisher = {Springer},
    series = {LNCS},
    volume = {12735},
    pages = {283--298},
    year = {2021},
}

@article{Hvattum2006,
	author = {Hvattum, Lars M. and L{\o}kketangen, Arne and Laporte, Gilbert},
	journal = {Transportation Science},
	number = {4},
	pages = {421--438},
	title = {Solving a Dynamic and Stochastic Vehicle Routing Problem with a Sample Scenario Hedging Heuristic},
	volume = {40},
	year = {2006}
}

@article{Bent2004,
author = {Bent, Russell W. and {Van Hentenryck}, Pascal},
journal = {Operations Research},
number = {6},
pages = {977--987},
title = {Scenario-Based Planning for Partially Dynamic Vehicle Routing with Stochastic Customers},
volume = {52},
year = {2004}
}

@article{voccia2019same,
  title={The same-day delivery problem for online purchases},
  author={Voccia, Stacy A. and Campbell, Ann Melissa and Thomas, Barrett W.},
  journal={Transportation Science},
  volume={53},
  number={1},
  pages={167--184},
  year={2019},
  publisher={INFORMS}
}

@article{walshaw-04,
  title = {Multilevel Refinement for Combinatorial Optimisation Problems},
  author = {Walshaw, Chris},
  year = {2004},
  month = oct,
  journal = {Annals of Operations Research},
  volume = {131},
  number = {1},
  pages = {325--372},
}

@article{blum-16b,
  title = {Construct, Merge, Solve \& Adapt A new general algorithm for combinatorial optimization},
  author = {Blum, Christian and Pinacho, Pedro and {L{\'o}pez-Ib{\'a}{\~n}ez}, Manuel and Lozano, Jos{\'e} A.},
  year = {2016},
  journal = {Computers \& Operations Research},
  volume = {68},
  pages = {75--88},  
}

@incollection{taillard-02,
  title = {{POPMUSIC} -- Partial Optimization Metaheuristic under Special Intensification Conditions},
  booktitle = {Essays and Surveys in Metaheuristics},
  author = {Taillard, {\'E}ric D. and Voss, Stefan},
  editor = {Ribeiro, Celso C. and Hansen, Pierre},
  year = {2002},
  pages = {613--629},
  publisher = {Springer US},
  address = {Boston, MA},
}

@InProceedings{jatschka-23,
    author={Jatschka, Thomas
    and Rodemann, Tobias
    and Raidl, G{\"u}nther R.},
    editor={Leslie {Pérez Cáceres} and Thomas Stützle},
    title={A Multilevel Optimization Approach for Large Scale Battery Exchange Station Location Planning},
    booktitle="Evolutionary Computation in Combinatorial Optimization -- 23rd European Conference, EvoCOP 2023",
    editor="P{\'e}rez C{\'a}ceres, Leslie and St{\"u}tzle, Thomas",
    year={2023},
    publisher={Springer},
    series={LNCS},
    volume=13987,
    pages = {50–65},
    url = {https://www.ac.tuwien.ac.at/files/pub/jatschka-23.pdf},
    doi = {10.1007/978-3-031-30035-6_4}
}