@inproceedings{sun-23a,
 author = {Sun, Zhiqing and Yang, Yiming},
 booktitle = {Advances in Neural Information Processing Systems},
 editor = {A. Oh and T. Naumann and A. Globerson and K. Saenko and M. Hardt and S. Levine},
 pages = {3706--3731},
 publisher = {Curran Associates, Inc.},
 title = {DIFUSCO: Graph-based Diffusion Solvers for Combinatorial Optimization},
 url = {https://proceedings.neurips.cc/paper_files/paper/2023/file/0ba520d93c3df592c83a611961314c98-Paper-Conference.pdf},
 volume = {36},
 year = {2023}
}
